@misc{CEDAR_Dataset,
  author    = {University at Buffalo},
  url       = {https://cedar.buffalo.edu/Databases/index.html},
  note      = {Accessed: March 16, 2025}
}

@misc{MNIST_Dataset,
  author    = {Yann LeCun, Corinna Cortes, Christopher J.C. Burges},
  url       = {https://web.archive.org/web/20240119012243/http://yann.lecun.com/exdb/mnist/},
  note      = {Accessed: March 16, 2025}
}

@misc{Lee2021,
   author={Lee, Alex W. C. and Chung, Jonathan and Lee, Marco},
   booktitle={International Conference of Document Analysis and Recognition (ICDAR)},
   title={GNHK: A Dataset for English Handwriting in the Wild},
   year={2021},
}

@misc{OpenCV_Histogram_Equalization,
  author       = {{OpenCV Documentation Team}},
  title        = {Histogram Equalization in OpenCV},
  year         = {2024},
  howpublished = {OpenCV Documentation},
  url          = {https://docs.opencv.org/4.x/d5/daf/tutorial_py_histogram_equalization.html},
  note         = {Accessed: 12 March 2025}
}

@article{Tensmeyer2015,
  author    = {Chris Tensmeyer and Tony Martinez},
  title     = {Document Image Binarization using Recurrent Neural Networks},
  journal   = {arXiv preprint},
  volume    = {arXiv:1509.03456},
  year      = {2015},
  archivePrefix = {arXiv},
  eprint    = {1509.03456},
  primaryClass = {cs.CV},
  url       = {https://arxiv.org/pdf/1509.03456}
}

@misc{OpenCVThresholding,
  author    = {{OpenCV Team}},
  title     = {Image Thresholding - OpenCV Documentation},
  year      = {2024},
  url       = {https://docs.opencv.org/4.x/d7/d4d/tutorial_py_thresholding.html},
  note      = {Accessed: March 12, 2025}
}